% This file was created with JabRef 2.8b2.
% Encoding: UTF8

@INPROCEEDINGS{agrawal1993mining,
  author = {Agrawal, R. and Imieli{\'n}ski, T. and Swami, A.},
  title = {Mining association rules between sets of items in large databases},
  booktitle = {ACM SIGMOD Record},
  year = {1993},
  volume = {22},
  number = {2},
  pages = {207--216},
  organization = {ACM}
}

@ARTICLE{ben,
  author = {Benzecri, JP},
  title = {Correspondence analysis handbook.},
  journal = {Mercel Dekker, New York},
  year = {1992}
}

@INPROCEEDINGS{brin1997beyond,
  author = {Brin, S. and Motwani, R. and Silverstein, C.},
  title = {Beyond market baskets: Generalizing association rules to correlations},
  booktitle = {ACM SIGMOD Record},
  year = {1997},
  volume = {26},
  number = {2},
  pages = {265--276},
  organization = {ACM}
}

@BOOK{cramer1999mathematical,
  title = {Mathematical methods of statistics},
  publisher = {Princeton Univ Pr},
  year = {1999},
  author = {Cramer, H.},
  volume = {9}
}

@BOOK{everitt1992analysis,
  title = {The analysis of contingency tables},
  publisher = {Chapman \& Hall/CRC},
  year = {1992},
  author = {Everitt, B.}
}

@BOOK{pearson1904theory,
  title = {On the Theory of Contingency and Its Relation to Association and
	Normal Correlation; On the General Theory of Skew Correlation and
	Non-linear Regression},
  publisher = {Cambridge University Press},
  year = {1904},
  author = {Pearson, K. and University of London. Dept. of Applied Statistics}
}

@ARTICLE{silverstein2000scalable,
  author = {Silverstein, C. and Brin, S. and Motwani, R. and Ullman, J.},
  title = {Scalable techniques for mining causal structures},
  journal = {Data Mining and Knowledge Discovery},
  year = {2000},
  volume = {4},
  pages = {163--192},
  number = {2},
  publisher = {Springer}
}

@ARTICLE{van2000eigenvalue,
  author = {van de Velden, M. and Neudecker, H.},
  title = {On an eigenvalue property relevant in correspondence analysis and
	related methods},
  journal = {Linear Algebra and its Applications},
  year = {2000},
  volume = {321},
  pages = {347--364},
  number = {1},
  publisher = {Elsevier}
}

@PHDTHESIS{jpa,
  author = {朱建平},
  title = {Data Mining中的统计方法及其应用},
  school = {南开大学},
  year = {2003}
}

@BOOK{cxr1988,
  title = {����ͳ��ѧ�̳�},
  publisher = {�Ϻ���ѧ����������},
  year = {1988},
  author = {��ϣ�� and �߹���}
}

@BOOK{hgd,
  title = {��Ԫ��ݷ�������: ��������},
  publisher = {�Ͽ���ѧ������},
  year = {1990},
  author = {��� and �Ͽ���ѧ and �����}
}

@INPROCEEDINGS{jpzhu,
  author = {�����, �콨ƽ},
  title = {��Ӧ��������Ӧ�Լ���},
  booktitle = {���߽�ȫ�����ͳ��ѧ�����鱨��},
  year = {2002}
}

@comment{jabref-meta: selector_review:}

@comment{jabref-meta: selector_publisher:}

@comment{jabref-meta: selector_author:}

@comment{jabref-meta: selector_journal:}

@comment{jabref-meta: selector_keywords:}

